Plačiau apie šaltinių tipus ir jų atributus:
http://mirror.datacenter.by/pub/mirrors/CTAN/macros/latex/contrib/biblatex/doc/biblatex.pdf#subsection.2.1


@article{house2008analytic,
  title     = {Analytic model for electrostatic fields in surface-electrode ion traps},
  author    = {House, MG},
  journal   = {Physical Review A},
  volume    = {78},
  number    = {3},
  pages     = {033402},
  year      = {2008},
  publisher = {APS}
}


@book{blakely1996potential,
  title     = {Potential theory in gravity and magnetic applications},
  author    = {Blakely, Richard J},
  year      = {1996},
  publisher = {Cambridge university press}
}

@article{berntsson2001numerical,
  title     = {Numerical solution of a Cauchy problem for the Laplace equation},
  author    = {Berntsson, Fredrik and Eld{\'e}n, Lars},
  journal   = {Inverse Problems},
  volume    = {17},
  number    = {4},
  pages     = {839},
  year      = {2001},
  publisher = {IOP Publishing}
}


@article{kadanoff1985simulating,
  title     = {Simulating hydrodynamics: a pedestrian model},
  author    = {Kadanoff, Leo P},
  journal   = {Journal of statistical physics},
  volume    = {39},
  number    = {3},
  pages     = {267--283},
  year      = {1985},
  publisher = {Springer}
}

@article{rogers2013amd,
  title   = {Amd heterogeneous uniform memory access},
  author  = {Rogers, Phil and FELLOW, CORPORATE},
  journal = {AMD Whitepaper},
  year    = {2013}
}

@article{lameter2013overview,
  title     = {An overview of non-uniform memory access},
  author    = {Lameter, Christoph},
  journal   = {Communications of the ACM},
  volume    = {56},
  number    = {9},
  pages     = {59--54},
  year      = {2013},
  publisher = {ACM New York, NY, USA}
}

@inproceedings{bader2001using,
  title        = {Using PRAM algorithms on a uniform-memory-access shared-memory architecture},
  author       = {Bader, David A and Illendula, Ajith K and Moret, Bernard ME and Weisse-Bernstein, Nina R},
  booktitle    = {International Workshop on Algorithm Engineering},
  pages        = {129--144},
  year         = {2001},
  organization = {Springer}
}

@inproceedings{amdahl1967validity,
  title     = {Validity of the single processor approach to achieving large scale computing capabilities},
  author    = {Amdahl, Gene M},
  booktitle = {Proceedings of the April 18-20, 1967, spring joint computer conference},
  pages     = {483--485},
  year      = {1967}
}

@article{yoon2015analyses,
  title     = {Analyses on the finite difference method by Gibou et al. for Poisson equation},
  author    = {Yoon, Gangjoon and Min, Chohong},
  journal   = {Journal of Computational Physics},
  volume    = {280},
  pages     = {184-194},
  year      = {2015},
  publisher = {Elsevier}
}

@article{eager1989speedup,
  title     = {Speedup versus efficiency in parallel systems},
  author    = {Eager, Derek L and Zahorjan, John and Lazowska, Edward D},
  journal   = {IEEE transactions on computers},
  volume    = {38},
  number    = {3},
  year      = {1989},
  publisher = {IEEE}
}




OLD

@article{PvzStraipsnLt,
  author  = {A. Pavardenis and B. Pavardonis and C. Pavardauskas},
  title   = {Straipsnio pavadinimas},
  journal = {Žurnalo pavadinimas},
  year    = {2001},
  volume  = {IV},
  pages   = {8-17}
} 

@article{PvzStraipsnEn,
  author  = {A. Surname and B. Tsurname and C. Usurname},
  title   = {Article Title},
  journal = {Journal Title},
  year    = {2001},
  volume  = {IV},
  pages   = {3-15},
  langid  = {english}
} 

@inproceedings{PvzKonfLt,
  author    = {A. Pavardenis and B. Pavardonis and C. Pavardauskas and D. Pavardinskas},
  title     = {Straipsnio pavadinimas},
  booktitle = {Rinkinio pavadinimas},
  year      = {2002},
  publisher = {Leidykla},
  address   = {Miestas, šalis},
  pages     = {3-15}
}

@inproceedings{PvzKonfEn,
  author    = {A. Surname and B. Tsurname and C. Usurname and D. Vsurname},
  title     = {Article title},
  booktitle = {Conference book title},
  year      = {2002},
  publisher = {Publisher},
  address   = {City, country},
  pages     = {3-15},
  langid    = {english}
}

@book{PvzKnygLt,
  author    = {A. Pavardenis and B. Pavardonis and C. Pavardauskas},
  title     = {Knygos pavadinimas},
  publisher = {Leidykla},
  year      = {2003},
  address   = {Miestas, šalis},
  note      = {172 psl.}
}

@book{burden2011numerical,
  title     = {Numerical analysis},
  author    = {Richard L. Burden and J. Douglas Faires},
  year      = {2011},
  publisher = {Cengage learning},
  note      = {714 psl.}
}


@book{PvzKnygLt,
  author    = {A. Pavardenis and B. Pavardonis and C. Pavardauskas},
  title     = {Knygos pavadinimas},
  publisher = {Leidykla},
  year      = {2003},
  address   = {Miestas, šalis},
  note      = {172 psl.}
}


@book{PvzKnygEn,
  author    = {A. Surname and B. Tsurname and C. Usurname},
  title     = {Book title},
  publisher = {Publisher},
  year      = {2003},
  address   = {City, country},
  note      = {172 p.},
  langid    = {english}
}

@misc{PvzElPubLt,
  author       = {A. Pavardenis and B. Pavardonis and C. Šavardauskas},
  title        = {Elektroninės publikacijos pavadinimas},
  howpublished = {\url{http://example.com/kelias/iki/straipsnio.pdf}},
  year         = {2004},
  note         = {45 KB, tikrinta 2015-02-01}
}

@misc{PvzElPubEn,
  author       = {A. Surname and B. Tsurname and C. Usurname},
  title        = {Online Source Title},
  howpublished = {\url{http://example.com/path/to/the/article.pdf}},
  year         = {2004},
  note         = {45 KB, accessed 2015-02-01.},
  langid       = {english}
}

@misc{PvzElPubEn,
  author       = {A. Surname and B. Tsurname and C. Usurname},
  title        = {Online Source Title},
  howpublished = {\url{http://example.com/path/to/the/article.pdf}},
  year         = {2004},
  note         = {45 KB, accessed 2015-02-01.},
  langid       = {english}
}


@mastersthesis{PvzMagistrLt,
  author = {A. Pavardonis},
  title  = {Magistrinio darbo pavadinimas},
  school = {Universiteto pavadinimas},
  year   = {2005}
}

@phdthesis{PvzPhdEn,
  author = {A. Surname},
  title  = {Ttitle of PhD thesis},
  school = {Title of university},
  year   = {2005},
  langid = {english}
}
