Plačiau apie šaltinių tipus ir jų atributus:
http://mirror.datacenter.by/pub/mirrors/CTAN/macros/latex/contrib/biblatex/doc/biblatex.pdf#subsection.2.1


@article{feng2020codebert,
  title   = {Codebert: A pre-trained model for programming and natural languages},
  author  = {Feng, Zhangyin and Guo, Daya and Tang, Duyu and Duan, Nan and Feng, Xiaocheng and Gong, Ming and Shou, Linjun and Qin, Bing and Liu, Ting and Jiang, Daxin and others},
  journal = {arXiv preprint arXiv:2002.08155},
  year    = {2020}
}

@article{radford2019language,
  title   = {Language models are unsupervised multitask learners},
  author  = {Radford, Alec and Wu, Jeffrey and Child, Rewon and Luan, David and Amodei, Dario and Sutskever, Ilya and others},
  journal = {OpenAI blog},
  volume  = {1},
  number  = {8},
  pages   = {9},
  year    = {2019}
}

@article{zhang2021commentary,
  title     = {A commentary of GPT-3 in MIT Technology Review 2021},
  author    = {Zhang, Min and Li, Juntao},
  journal   = {Fundamental Research},
  volume    = {1},
  number    = {6},
  pages     = {831--833},
  year      = {2021},
  publisher = {Elsevier}
}

@article{wang2021codet5,
  title   = {Codet5: Identifier-aware unified pre-trained encoder-decoder models for code understanding and generation},
  author  = {Wang, Yue and Wang, Weishi and Joty, Shafiq and Hoi, Steven CH},
  journal = {arXiv preprint arXiv:2109.00859},
  year    = {2021}
}

@article{brown2020language,
  title   = {Language models are few-shot learners},
  author  = {Brown, Tom and Mann, Benjamin and Ryder, Nick and Subbiah, Melanie and Kaplan, Jared D and Dhariwal, Prafulla and Neelakantan, Arvind and Shyam, Pranav and Sastry, Girish and Askell, Amanda and others},
  journal = {Advances in neural information processing systems},
  volume  = {33},
  pages   = {1877--1901},
  year    = {2020}
}


