Plačiau apie šaltinių tipus ir jų atributus:
http://mirror.datacenter.by/pub/mirrors/CTAN/macros/latex/contrib/biblatex/doc/biblatex.pdf#subsection.2.1

@article{PvzStraipsnLt,
    author={A. Pavardenis and B. Pavardonis and C. Pavardauskas},
    title={Straipsnio pavadinimas},
    journal={Žurnalo pavadinimas},
    year={2001},
    volume={IV},
    pages={8-17},
} 

@article{PvzStraipsnEn,
    author={A. Surname and B. Tsurname and C. Usurname},
    title={Article Title},
    journal={Journal Title},
    year={2001},
    volume={IV},
    pages={3-15},
    langid={english},
} 

@inproceedings{PvzKonfLt,
    author={A. Pavardenis and B. Pavardonis and C. Pavardauskas and D. Pavardinskas},
    title={Straipsnio pavadinimas},
    booktitle={Rinkinio pavadinimas},
    year={2002},
    publisher={Leidykla},
    address={Miestas, šalis},
    pages={3-15},
}

@inproceedings{PvzKonfEn,
    author={A. Surname and B. Tsurname and C. Usurname and D. Vsurname},
    title={Article title},
    booktitle={Conference book title},
    year={2002},
    publisher={Publisher},
    address={City, country},
    pages={3-15},
    langid={english},
}

@book{PvzKnygLt,  
    author={A. Pavardenis and B. Pavardonis and C. Pavardauskas},
    title={Knygos pavadinimas},
    publisher={Leidykla},
    year={2003},
    address={Miestas, šalis},
    note={172 psl.},
}

@book{PvzKnygEn,  
    author={A. Surname and B. Tsurname and C. Usurname},
    title={Book title},
    publisher={Publisher},
    year={2003},
    address={City, country},
    note={172 p.},
    langid={english},
}

@misc{PvzElPubLt,
    author={A. Pavardenis and B. Pavardonis and C. Šavardauskas},
    title={Elektroninės publikacijos pavadinimas},
    howpublished={\url{http://example.com/kelias/iki/straipsnio.pdf}},
    year={2004}, 
    note={45 KB, tikrinta 2015-02-01},
}

@misc{PvzElPubEn,
    author={A. Surname and B. Tsurname and C. Usurname},
    title={Online Source Title},
    howpublished={\url{http://example.com/path/to/the/article.pdf}},
    year={2004}, 
    note={45 KB, accessed 2015-02-01.},
    langid={english},
}

@mastersthesis{PvzMagistrLt,
    author={A. Pavardonis},
    title={Magistrinio darbo pavadinimas},
    school={Universiteto pavadinimas},
    year={2005},
}

@phdthesis{PvzPhdEn,
    author={A. Surname},
    title={Ttitle of PhD thesis},
    school={Title of university},
    year={2005},
    langid={english},
}

@article{newcombe2015amazon,
  title={How Amazon web services uses formal methods},
  author={Newcombe, Chris and Rath, Tim and Zhang, Fan and Munteanu, Bogdan and Brooker, Marc and Deardeuff, Michael},
  journal={Communications of the ACM},
  volume={58},
  number={4},
  pages={66--73},
  year={2015},
  publisher={ACM}
}

@article{thones2015microservices,
  title={Microservices},
  author={Th{\"o}nes, Johannes},
  journal={IEEE software},
  volume={32},
  number={1},
  pages={116--116},
  year={2015},
  publisher={IEEE}
}

@article{vogels2009eventually,
  title={Eventually consistent},
  author={Vogels, Werner},
  journal={Communications of the ACM},
  volume={52},
  number={1},
  pages={40--44},
  year={2009},
  publisher={Citeseer}
}

@inproceedings{petrauskas2019effectiveness,
  title={Effectiveness of the asynchronous client-side coordination of cluster service sessions},
  author={Petrauskas, Karolis and Baronas, Romas},
  booktitle={Databases and information systems X: 13th international Baltic conference on databases and information systems, DB\&IS 2018, held in Trakai, Lithuania, in July 2018},
  pages={95--108},
  year={2019}
}

@inproceedings{petrauskas2018asynchronous,
  title={Asynchronous client-side coordination of cluster service sessions},
  author={Petrauskas, Karolis and Baronas, Romas},
  booktitle={International Baltic Conference on Databases and Information Systems},
  pages={121--133},
  year={2018},
  organization={Springer}
}

@article{lamporttla+,
  title={Tla+ toolset, 2009},
  author={Lamport, Leslie and others},
  journal={URL http://www. tlaplus. net/tools/tla-toolbox/.-Cited on},
  pages={91}
}

@article{kuppe2019tla+,
  title={The TLA+ Toolbox},
  author={Kuppe, Markus Alexander and Lamport, Leslie and Ricketts, Daniel},
  journal={arXiv preprint arXiv:1912.10633},
  year={2019}
}

@inproceedings{batson2002high,
  title={High-level specifications: Lessons from industry},
  author={Batson, Brannon and Lamport, Leslie},
  booktitle={International Symposium on Formal Methods for Components and Objects},
  pages={242--261},
  year={2002},
  organization={Springer}
}

@book{soni2016nginx,
  title={Nginx},
  author={Soni, Rahul},
  year={2016},
  publisher={Springer}
}

@article{ayari2008fault,
  title={Fault tolerance for highly available internet services: concepts, approaches, and issues},
  author={Ayari, Narjess and Barbaron, Denis and Lefevre, Laurent and Primet, Pascale},
  journal={IEEE Communications Surveys \& Tutorials},
  volume={10},
  number={2},
  pages={34--46},
  year={2008},
  publisher={IEEE}
}
